<?xml version="1.0" encoding="UTF-8"?>
<record xmlns="http://www.loc.gov/MARC21/slim">
   <leader>01008cam a2200265   4500</leader>
   <controlfield tag="001">324014</controlfield>
   <controlfield tag="003">NjP</controlfield>
   <controlfield tag="005">20170905102419.0</controlfield>
   <controlfield tag="008">860814s1963    sy acfh       00010 arar </controlfield>
   <datafield tag="024" ind1="7" ind2=" ">
      <subfield code="a">princeton_aco004986</subfield>
      <subfield code="2">local</subfield>
   </datafield>
   <datafield ind1=" " ind2=" " tag="010">
      <subfield code="a">ne 65000281 </subfield>
   </datafield>
   <datafield ind1=" " ind2=" " tag="035">
      <subfield code="a">(OCoLC)82745371</subfield>
   </datafield>
   <datafield ind1=" " ind2=" " tag="035">
      <subfield code="a">(CStRLIN)NJPG86-B35313</subfield>
   </datafield>
   <datafield ind1=" " ind2=" " tag="035">
      <subfield code="9">ABP9328TS</subfield>
   </datafield>
   <datafield ind1=" " ind2=" " tag="035">
      <subfield code="a">324014</subfield>
   </datafield>
   <datafield ind1=" " ind2=" " tag="040">
      <subfield code="c">NjP</subfield>
      <subfield code="d">NjP</subfield>
   </datafield>
   <datafield ind1=" " ind2=" " tag="043">
      <subfield code="a">n-us---</subfield>
   </datafield>
   <datafield ind1="0" ind2=" " tag="050">
      <subfield code="a">E169.02</subfield>
      <subfield code="b">.S3</subfield>
   </datafield>
   <datafield ind1="1" ind2=" " tag="100">
      <subfield code="a">Ṣaqqāl, Fatḥ Allāh,</subfield>
      <subfield code="d">1893-</subfield>
      <subfield code="0">http://id.loc.gov/authorities/names/n89239887</subfield>
   </datafield>
   <datafield ind1="1" ind2="0" tag="245">
      <subfield code="a">Fī al-ʻālam al-jadīd,</subfield>
      <subfield code="c">bi-qalam Fatḥ Allāh al-Ṣaqqāl.</subfield>
   </datafield>
   <datafield ind1=" " ind2=" " tag="260">
      <subfield code="a">Ḥalab,</subfield>
      <subfield code="b">Maṭbaʻat al-Ḍād,</subfield>
      <subfield code="c">1963.</subfield>
   </datafield>
   <datafield ind1=" " ind2=" " tag="300">
      <subfield code="a">379 p.</subfield>
      <subfield code="b">illus., facsims., plates (part col.) ports.</subfield>
      <subfield code="c">25 cm.</subfield>
   </datafield>
   <datafield ind1=" " ind2="0" tag="651">
      <subfield code="a">United States</subfield>
      <subfield code="x">Description and travel.</subfield>
      <subfield code="0">http://id.loc.gov/authorities/subjects/sh85139993</subfield>
   </datafield>
   <datafield ind1=" " ind2="0" tag="650">
      <subfield code="a">Syrians</subfield>
      <subfield code="z">United States.</subfield>
      <subfield code="0">http://id.loc.gov/authorities/subjects/sh85131720</subfield>
   </datafield>
   <datafield ind1=" " ind2=" " tag="998">
      <subfield code="a">08/15/86</subfield>
      <subfield code="s">9114</subfield>
      <subfield code="n">NjP</subfield>
      <subfield code="w">NJPG86B35313</subfield>
      <subfield code="d">08/14/86</subfield>
      <subfield code="c">JCB</subfield>
      <subfield code="b">CS</subfield>
      <subfield code="i">860815</subfield>
      <subfield code="l">NJPG</subfield>
   </datafield>
   <datafield ind1=" " ind2=" " tag="911">
      <subfield code="a">19921028</subfield>
   </datafield>
   <datafield ind1=" " ind2=" " tag="912">
      <subfield code="a">19950927041403.0</subfield>
   </datafield>
   <datafield ind1="0" ind2="0" tag="852">
      <subfield code="0">354338</subfield>
      <subfield code="b">nec</subfield>
      <subfield code="h">E169.02</subfield>
      <subfield code="i">S3</subfield>
   </datafield>
   <datafield ind1=" " ind2=" " tag="959">
      <subfield code="a">2000-06-13 00:00:00 -0400</subfield>
   </datafield>
</record>
